<?xml version="1.0" encoding="UTF-8"?><collection xmlns="http://www.loc.gov/MARC21/slim"><record><leader>00614nam--2200193-i-4500</leader><controlfield tag="001">000031684</controlfield><controlfield tag="002">20161230</controlfield><controlfield tag="005">20161230201038</controlfield><controlfield tag="008">060222s1000------------r-----000-0-eng-d</controlfield><datafield ind1=" " ind2=" " tag="040"><subfield code="a">IFIN-HH</subfield></datafield><datafield ind1=" " ind2=" " tag="080"><subfield code="a">538.4</subfield></datafield><datafield ind1="1" ind2=" " tag="100"><subfield code="a">Jeffrey, A</subfield></datafield><datafield ind1="1" ind2="0" tag="245"><subfield code="a">Magnetohydrodynamic stability and thermonuclear containment</subfield><subfield code="b">A collection of reprints with an introductory review by</subfield><subfield code="c">A. jeffrey, t. taniuti</subfield></datafield><datafield ind1=" " ind2=" " tag="260"><subfield code="a">New York</subfield><subfield code="b">Academic Press</subfield><subfield code="c">1966</subfield></datafield><datafield ind1=" " ind2=" " tag="300"><subfield code="a">222P</subfield></datafield><datafield ind1=" " ind2=" " tag="490"><subfield code="a">Perspectives In Physics; A Series Of Reprint Collections</subfield></datafield><datafield ind1="1" ind2=" " tag="700"><subfield code="a">Taniuti, T</subfield></datafield><datafield ind1=" " ind2=" " tag="852"><subfield code="a">25997</subfield><subfield code="c">538.4</subfield></datafield><datafield ind1=" " ind2=" " tag="CAT"><subfield code="a">Sys</subfield><subfield code="c">20110920</subfield><subfield code="h">093529</subfield></datafield></record></collection>